
@BOOK{NPP,
  AUTHOR = "A. C. Niemeyer T. Popiel and C. E. Praeger",
  TITLE = {Straight-line programs with memory and matrix Bruhat decomposition.}}

@BOOK{LGO,
  AUTHOR = "C. R. Leedham-Green and E. A. O?Brien",
  TITLE = {Constructive Recognition of Classical Groups in odd characteristic.}}