



@book{ CR1,
  author =           {Niemeyer, A. C. and Popiel, T. and Praeger, C. E.},
  title =            {Straight-line programs with memory and matrix Bruhat decomposition.},
  printedkey =       {NPP}
}
@book{ CR2,
  author =           {Leedham-Green, C. R. and O{\textquoteright}Brien, E. A.},
  title =            {Constructive Recognition of Classical Groups in odd characteristic.},
  printedkey =       {LO}
}
